
@article{liDevLex,
  author = {Li, Ping and Farkas, Igor and MacWhinney, Brian},
  title = {Early lexical development in a self-organizing neural network},
  booktitle = {Neural Networks},
  volume = {17(8-9)},
  pages = {1345--1362},
}

@misc{vogtLearningSim,
  author = {Vogt, Paul},
  title = {THSim v3.2: The Talking Heads simuliation tool},
}

@article{DisLex,
  author = {Miikkulainen, Risto},
  title = {Dyslexic and Category-Specific Impairments in a Self-Organizing Feature Map Model of the Lexicon},
}

@IEEEtranBSTCTL{IEEEexample:BSTcontrol,
  CTLuse_article_number     = "yes",
  CTLuse_paper              = "yes",
  CTLuse_forced_etal        = "no",
  CTLmax_names_forced_etal  = "10",
  CTLnames_show_etal        = "1",
  CTLuse_alt_spacing        = "yes",
  CTLalt_stretch_factor     = "4",
  CTLdash_repeated_names    = "yes",
  CTLname_format_string     = "{f.~}{vv~}{ll}{, jj}",
  CTLname_latex_cmd         = "",
  CTLname_url_prefix        = "[Online]. Available:"
}
