@article{DaleCDI,
  author = {P. S.Dale and L.Fenson},
  year = {1996},
  title = {Lexical development norms for young children},
  booktitle = {Behavior Research Methods, Instruments, and Computers},
  volume = {28},
  year = {125â€“127},
  note = {CDI is available at http://www.sci.sdsu.edu/cdi/}
}

@inproceedings{FarkasWcd,
 title = {A self-organizing neural network model of the acquisition of word meaning},
 author = {Igor Farkas and Ping Li},
 year = {2001},
 pages = {67--72},
 booktitle = {Proceedings of the fourth internatianal conference on cognitive modeling },
 keywords = {word meaning, acquisition, self-organizing neural net, word co-occurrences},
 url = {http://cogprints.org/1914/},
}

@inproceedings{FazlyProbRefUn,
  author = {Fazly, Afsaneh and Alishahi, Afra and Stevenson, Suzanne},
  title = {A Probabilistic incremental model of word learning in the presence of referential uncertainty},
  year = {2008},
  booktitle = {Proceedings of the 30th Annual Conference of the Cognitive Science Society},
}

@article{GoldNico,
 author = {Gold, Kevin and Doniec, Marek and Crick, Christopher and Scassellati, Brian},
 title = {Robotic vocabulary building using extension inference and implicit contrast},
 journal = {Artif. Intell.},
 volume = {173},
 number = {1},
 year = {2009},
 issn = {0004-3702},
 pages = {145--166},
 doi = {http://dx.doi.org/10.1016/j.artint.2008.09.002},
 publisher = {Elsevier Science Publishers Ltd.},
 address = {Essex, UK},
}

@misc{HarmWordNetFeature,
  title = {Building large scale distributed semantic feature sets with WordNet},
  author = {Harm, M. W.},
  year = {2002},
  booktitle = {Technical Report PDP-CNS-02-1},
  publisher = {Carnegie Mellon University},
}

@article{LiDevLex,
  author = {Li, Ping and Farkas, Igor and MacWhinney, Brian},
  title = {Early lexical development in a self-organizing neural network},
  booktitle = {Neural Networks},
  volume = {17(8-9)},
  pages = {1345--1362},
  year = {2004},
}

@article{LiPatPho,
  author = {Li, P. and MacWhinney, B.},
  year = {2002},
  title = {PatPho: A phonological pattern 
generator for neural networks},
  booktitle = {Behavior Research Methods, 
Instruments, and Computers},
  volumne = {34},
  pages = {408-415},
}

@article{MiikDisLex,
          volume = {59},
           title = {Dyslexic and Category-Specific Impairments in a Self-Organizing Feature Map Model of the Lexicon},
          author = {Risto Miikkulainen},
            year = {1997},
           pages = {334--366},
         journal = {Brain and Language},
        keywords = {lexicon, dyslexia, aphasia, category-specific impairments, self-organizing maps, word associations, modularity, modality-specific impairments, Hebbian learning},
             url = {http://cogprints.org/523/},
}

@article{mints93rollingvariance,
  author = {M. Ya. Mints and V. N. Chinkov},
  title = {Algorithms for digital measurement of random-signal rolling mean and
    variance},
  booktitle = {Measurement Techniques},
  publisher = {Springer New York},
  volumne = {36},
  issue = {12},
  year = {1993},
}

@book{Quine,
  author = {Quine, Willad Van Orman},
  booktitle = {Word and object},
  year = {1960},
  publisher = {Cambridge University Press},
}

@article{RegierAttentional,
  title = {The Emergence of Words: Attentional Learning in Form and Meaning},
  author = {Regier T.},
  year = {2005}, 
  booktitle = {Cognitive Science},
  pages = {819-865)},
  volume = {29},
}

@article{Siskind,
    author = {Siskind, Jeffrey  M. },
    booktitle = {Compositional Language Acquisition},
    citeulike-article-id = {1676590},
    doi = {10.1016/S0010-0277(96)00728-7},
    journal = {Cognition},
    keywords = {acquisition, computational, cross-situational, language, learning, model, word},
    number = {1-2},
    pages = {39--91},
    title = {A computational study of cross-situational techniques for learning word-to-meaning mappings},
    volume = {61},
    year = {1996}
}

@article{SmithCommSystem,
  author = {Smith, Andrew D. M.},
  title = { Establishing Communication Systems without Explicit Meaning Transmission },
  booktitle = {Advances in Artificial Life},
  year = {2001},
  publisher = {Heidelberg},
  volumne = {2159},
  pages = {381-390},
}

@article{VogtSocial,
    author = {Vogt, P.  and Divina, F. },
    citeulike-article-id = {4028514},
    journal = {Interaction Studies},
    number = {1},
    pages = {31--52},
    posted-at = {2009-02-10 10:51:12},
    priority = {0},
    title = {Social symbol grounding and language evolution},
    volume = {8},
    year = {2007}
}

@misc{VogtLearningSim,
     title = {THSim v3.2: The Talking Heads simulation tool},
    author = {Paul Vogt},
 publisher = {Springer-Verlag},
      year = {2003},
      note = {The THSim simulation toolkit is downloadable from http://www.ling.ed.ac.uk/\verb1~1paulv/thsim.html},
  keywords = {symbol grounding, language evolution, language games, simulation toolkit},
       url = {http://cogprints.org/3058/},
}
