@inproceedings{banerjee03extendedgloss,
    author = {Satanjeev Banerjee and Ted Pedersen},
    title = {Extended gloss overlaps as a measure of semantic relatedness},
    booktitle = {Proceedings of the Eighteenth International Joint Conference on Artificial Intelligence},
    year = {2003},
    pages = {805--810}
}

@inproceedings{bicici06clustering,
  author = {E. Bicici and D. Yuret},
  year = 2006,
  title = {Clustering word pairs to answer analogy questions},
  booktitle = {Proceedings of the Fifteenth Turkish Symposium on Artificial Intelligence and Neural Networks (TAINN 2006)},
}

@article{brin98anatomy,
  author = {S. Brin and L. Page},
  title = {The anatomy of a large-scale hyper-textual Web search engine},
  journal = {Computer Networks and ISDN Systems},
  volume = 30,
  number = {1-–7}, 
  year = 1998,
}

@article{fellbaum98wordnet,
  author = {C. Fellbaum},
  title = {WordNet, An Electronic Database},
  year = 1998,
}

@article{gentner83structure,
  author = {D. Gentner},
  year = 1983, 
  title = "Structure-mapping: A Theoretical Framework for Analogy", 
  journal = {Cognitive Science},
  volume = 7,
  number = 2,
}

@inproceedings{havasi07conceptnet,
  author = {C. Havasi and R. Speer and J. Alonso},
  year = 2007,
  title = {ConceptNet 3: a Flexible, Multilingual Semantic Network for Common Sense Knowledge},
  booktitle = {Proceedings of Recent Advances in Natural Languges Processing},
}

@inproceedings{mangalath04analogy,
  author = {P. Mangalath and J. Quesada and W. Kintsch},
  year = 2004,
  title = "Analogy-making as predication using relational information and LSA vectors",
  editors = {K.D. Forbus and D. Gentner and T. Regier},
  booktitle = {Proceedings of the 26th Annual Meeting of the Cognitive Science Society},
}

@article{mihalcea06randomwalks,
  author = {R. Mihalcea},
  title = {Random Walks on Text Structures},
  journal = {Computational Linguistics and Intelligent Text Processing},
  volume = 3878,
  pages = {249--262},
  year = 2006,
}

@article{mihalcea04wsdpagerank,
  author = {R. Mihalcea and P. Tarau and E. Figa},
  title = {PageRank on semantic networks with applications to word sense
    disambiguation},
  journal = {Proceedings of the 20th International conference on Computational
    Linguistics},
  volume = 20,
  year = 2004,
}

@inproceedings{schwartz08selectors,
  author    = {H. Schwartz and F. Gomez},
  title     = {Acquiring Knowledge from the Web to be used as Selectors for Noun Sense Disambiguation},
  booktitle = {CoNLL 2008: Proceedings of the Twelfth Conference on Computational Natural Language Learning},
  month     = {August},
  year      = {2008},
  address   = {Manchester, England},
  publisher = {Coling 2008 Organizing Committee},
  pages     = {105--112},
  url       = {http://www.aclweb.org/anthology/W08-2114}
}

@inproceedings{silva07analogical,
  author = {R. Silva and K. Heller and Z. Ghahramani},
  year = 2007,
  title = {Analogical reasoning with relational Bayesian sets},
  booktitle = {11th International Conference on Artificial Intelligence and Statistics},
}

@inproceedings{turney03combining,
  author = {P.D. Turney and M.L. Littman and J. Bigham and V. Shnayder},
  year = 2003,
  title = {Combining independent modules to solve multiple-choice synonym and analogy problems},
  booktitle = {Proceedings of the International Conference on Recent Advances in Natural Language Processing (RANLP-03)},
  pages = {482--489},
}

@article{turney05corpus,
  author = {Peter D. Turney and Michael L. Littman},
  title = {Corpus-based Learning of Analogies and Semantic Relations},
  journal = {Machine Learning},
  volume = 60,
  pages = {251--278},
  year = 2005,
}

@inproceedings{veale04wordnet,
  author = {T. Veale},
  year = 2004,
  title = "WordNet sits the SAT: A knowledge-based approach to lexical analogy",
  booktitle = {Proceedings of the 16th European Conference on Artificial Intelligence (ECAI 2004)},
  pages = {606-–612}, 
}
